% @inproceedings{mcauley2012learning,
%   title={Learning to Discover Social Circles in Ego Networks.},
%   author={McAuley, Julian J and Leskovec, Jure},
%   booktitle={NIPS},
%   volume={2012},
%   pages={548--56},
%   year={2012}
% }

% @article{shi2000normalized,
%   title={Normalized cuts and image segmentation},
%   author={Shi, Jianbo and Malik, Jitendra},
%   journal={IEEE Transactions on pattern analysis and machine intelligence},
%   volume={22},
%   number={8},
%   pages={888--905},
%   year={2000},
%   publisher={IEEE}
% }



@article{sentiment140,
title = {http://help.sentiment140.com}
}


@article{sanalyt,
title = {http://www.sananalytics.com/lab/twitter-sentiment/}
}